@book{Shiryaev_stochastic,
      title     = "Теория случайных процессов",
      author    = "Булинский А.В., Ширяев А.Н.",
      year      = 2005,
      publisher = "М.: ФИЗМАТЛИТ",
      pages = "130-131",
    }
    
@article{KL_premium,
author = {Бойков А.В.},
title = {Модель Крамера-Лундберга со стохастическими премиями},
year = {2002},
volume = {47},
number = {3},
url = {https://doi.org/10.4213/tvp3693},
doi = {10.4213/tvp3693},
abstract = {На основе классической модели Крамера-Лундберга, где про­ цесс премий — линейная функция времени, рассматривается стохастиче­ ский процесс премий, независимый от процесса риска.},
journal = {Теория вероятностей и ее применения},
pages = {549–553},
numpages = {5}
}

@article{SA_dividends,
author = {Муромская А.А.},
title = {Оценка вероятности разорения акционерной страховой компании в рамках модели риска Спарре Андерсена},
year = {2018},
volume = {22},
number = {3},
url = {http://mech.math.msu.su/~fpm/ps/k18/k183/k18310.pdf},
abstract = {Получена оценка сверху для вероятности разорения акционерной страховой ком- пании при условии, что интервалы между моментами поступления требований имеют гамма-распределение и страховая компания использует линейную барьерную страте- гию выплаты дивидендов.},
journal = {Фундаментальная и прикладная математика},
pages = {179-189},
numpages = {11}
}

@article{Sparre-Andersen,
author = {Andersen, E. Sparre},
title = {n the collective theory of risk in case of contagion between claims},
year = {1957},
volume = {2},
number = {6},
abstract = {Получена оценка сверху для вероятности разорения акционерной страховой ком- пании при условии, что интервалы между моментами поступления требований имеют гамма-распределение и страховая компания использует линейную барьерную страте- гию выплаты дивидендов.},
journal = {Transactions of the XVth International Congress of Actuaries},
}
